

,-------------------.
|     PREAMBLE      |
`-------------------'

@preamble{ "\providecommand{\noopsort}[1]{}
           \providecommand{\singleletter}[1]{#1} "
}

,-------------------.
|  BIBTEX ENTRIES   |
`-------------------'

@article{BufferStockTheory,
  author =        {Christopher D. Carroll},
  journal =       {Revise and Resubmit, Quantitative Economics},
  title =         {Theoretical Foundations of Buffer Stock Saving},
  year =          {2023},
  doi =           {https://zenodo.org/badge/latestdoi/304124725},
  url =           {https://econ-ark.github.io/BufferStockTheory},
}

@article{SolvingMicroDSOPs,
  author =        {Carroll, Christopher D.},
  journal =       {Econ-ARK REMARK},
  title =         {Solving Microeconomic Dynamic Stochastic Optimization
                   Problems},
  year =          {2023},
  url =           {https://llorracc.github.io/SolvingMicroDSOPs},
}

