

,-------------------.
|     PREAMBLE      |
`-------------------'

@preamble{ "\providecommand{\noopsort}[1]{}
           \providecommand{\singleletter}[1]{#1} "
}

,-------------------.
|  BIBTEX ENTRIES   |
`-------------------'

@article{gpLifecycle,
  author =        {Gourinchas, Pierre-Olivier and Parker, Jonathan},
  journal =       {Econometrica},
  number =        {1},
  pages =         {47--89},
  title =         {Consumption Over the Life Cycle},
  volume =        {70},
  year =          {2002},
}

@article{cagettiWprofiles,
  author =        {Marco Cagetti},
  journal =       {Journal of Business and Economic Statistics},
  number =        {3},
  pages =         {339--353},
  title =         {Wealth Accumulation Over the Life Cycle and
                   Precautionary Savings},
  volume =        {21},
  year =          {2003},
}

@article{carrollEGM,
  author =        {Carroll, Christopher D.},
  journal =       {Economics Letters},
  month =         {September},
  note =
  {\url{https://www.econ2.jhu.edu/people/ccarroll/EndogenousGridpoints.pdf}},
  number =        {3},
  pages =         {312--320},
  title =         {The {M}ethod of {E}ndogenous {G}ridpoints for
                   {S}olving {D}ynamic {S}tochastic {O}ptimization
                   {P}roblems},
  volume =        {91},
  year =          {2006},
  doi =           {10.1016/j.econlet.2005.09.013},
  url =           {https://www.econ2.jhu.edu/people/ccarroll/
                  EndogenousArchive.zip},
}

@article{SolvingMicroDSOPs,
  author =        {Carroll, Christopher D.},
  journal =       {Econ-ARK REMARK},
  title =         {Solving Microeconomic Dynamic Stochastic Optimization
                   Problems},
  year =          {2023},
  url =           {https://llorracc.github.io/SolvingMicroDSOPs},
}

@article{merton:restat,
  author =        {Merton, Robert C.},
  journal =       {Review of Economics and Statistics},
  pages =         {247--257},
  title =         {Lifetime Portfolio Selection under Uncertainty: The
                   Continuous Time Case},
  volume =        {51},
  year =          {1969},
}

@article{samuelson:portfolio,
  author =        {Samuelson, Paul A.},
  journal =       {Review of Economics and Statistics},
  pages =         {239--46},
  title =         {Lifetime Portfolio Selection by Dynamic Stochastic
                   Programming},
  volume =        {51},
  year =          {1969},
}

@book{deatonUnderstandingC,
  address =       {New York},
  author =        {Deaton, Angus S.},
  publisher =     {Oxford University Press},
  title =         {{U}nderstanding {C}onsumption},
  year =          {1992},
}

@article{BufferStockTheory,
  author =        {Christopher D. Carroll},
  journal =       {Revise and Resubmit, Quantitative Economics},
  title =         {Theoretical Foundations of Buffer Stock Saving},
  year =          {2023},
  doi =           {https://zenodo.org/badge/latestdoi/304124725},
  url =           {https://econ-ark.github.io/BufferStockTheory},
}

@phdthesis{valencia:2006,
  author =        {Valencia, Fabian},
  month =         {October},
  school =        {Johns Hopkins University},
  title =         {Banks' Financial Structure and Business Cycles},
  year =          {2006},
  abstract =      {},
}

@article{Tanaka2013-bc,
  author =        {Tanaka, Ken'ichiro and Toda, Alexis Akira},
  journal =       {Economics letters},
  month =         mar,
  number =        {3},
  pages =         {445--450},
  publisher =     {Elsevier},
  title =         {{Discrete approximations of continuous distributions
                   by maximum entropy}},
  volume =        {118},
  year =          {2013},
  abstract =      {PDF | On Mar 1, 2013, Ken'ichiro Tanaka and others
                   published Discrete approximations of continuous
                   distributions by maximum entropy | Find, read and
                   cite all the research you need on ResearchGate},
  doi =           {10.1016/j.econlet.2012.12.020},
  issn =          {0165-1765},
  url =           {https://www.researchgate.net/publication/
  256994855_Discrete_approximations_of_continuous_distributions_by_maximum_entropy},
}

@article{kopecky2010finite,
  author =        {Kopecky, Karen A. and Suen, Richard M.H.},
  journal =       {Review of Economic Dynamics},
  note =              {\url{http://www.karenkopecky.net/RouwenhorstPaper.pdf}},
  number =        {3},
  pages =         {701--714},
  publisher =     {Elsevier},
  title =         {Finite State Markov-Chain Approximations To Highly
                   Persistent Processes},
  volume =        {13},
  year =          {2010},
  url =           {http://www.karenkopecky.net/RouwenhorstPaper.pdf},
}

