@article{andrews2017measuring,
  title={Measuring the sensitivity of parameter estimates to estimation moments},
  author={Andrews, Isaiah and Gentzkow, Matthew and Shapiro, Jesse M},
  journal={The Quarterly Journal of Economics},
  volume={132},
  number={4},
  pages={1553--1592},
  year={2017},
  publisher={Oxford University Press}
}
